@book{hirschhorn,
title = {Model Categories and Their Localizations},
author = {Hirschhorn, Philip S.},
publisher = {American Mathematical Society},
series = {Mathematical Surveys and Monographs},
year = {2009},
}