@book{heuts-moerdijk,
title = {Simplicial and Dendroidal Homotopy Theory},
author = {Heuts, Gijs and Moerdijk, Ieke},
publisher = {Springer Cham},
edition = {1},
series = {A Series of Modern Surveys in Mathematics},
year = {2022}
}

@misc{nlab:localization,
author = {{nLab authors}},
title = {Localization},
howpublished = {\url{https://ncatlab.org/nlab/show/localization}},
note = {\href{https://ncatlab.org/nlab/revision/localization/78}{Revision 78}},
month = nov,
year = 2023
}